@inproceedings{kirby2014comparison,
  title={Comparing relational and graph databases for pedigree data sets},
  author={Kirby, Graham and de Kerckhove, Conrad and Shumailov, Ilia and Carson, Jamie and Dearle, Alan and Dibben, Chris and Williamson, Lee},
  booktitle={Workshop on Population Reconstruction, Amsterdam, Netherlands},
  year={2014}
}

@inproceedings{vicknair2010comparison,
  title={A comparison of a graph database and a relational database: a data provenance perspective},
  author={Vicknair, Chad and Macias, Michael and Zhao, Zhendong and Nan, Xiaofei and Chen, Yixin and Wilkins, Dawn},
  booktitle={Proceedings of the 48th annual Southeast regional conference},
  pages={42},
  year={2010},
  organization={ACM}
}

@inproceedings{marko2011comparison,
  title={MySQL vs. Neo4j on a Large-Scale Graph Traversal},
  author={Marko Rodriguez},
  booktitle={Database Zone (DZone)},
  year={2011},
  url={https://dzone.com/articles/mysql-vs-neo4j-large-scale}
}
@inproceedings{pandey2018comparison,
  title={A research on Architectural and Performance Comparison of Relational Database, NoSQL and Graph database (Neo4j)},
  author={Santosh Pandey, Erika Joshi, Manish Maharjan, and Nissan Karki},
  booktitle={Research Gate},
  year={2018},
  url={https://www.researchgate.net/publication/327981497_A_research_on_Architectural_and_Performance_Comparison_of_Relational_Database_NoSQL_and_Graph_database_Neo4j}
}


@misc{neo4jdef, title={What Is a Graph Database and Property Graph | Neo4j}, url={https://neo4j.com/developer/graph-database/#_what_is_neo4j}, journal={Neo4j Graph Database Platform}}

@misc{py2neo, title={The Py2neo v4 HandbookÂ¶}, url={https://py2neo.org/v4/}, journal={The Py2neo v4 Handbook - The Py2neo v4 Handbook}}

@misc{mysqlpython, title={MySQL-python}, url={https://pypi.org/project/MySQL-python/}, journal={PyPI | mySQL-python}, author={Dustman, Andy}}

@misc{mysqlconnector, title={Chapter 1 Introduction to MySQL Connector/Python}, url={https://dev.mysql.com/doc/connector-python/en/connector-python-introduction.html}, journal={MySQL}}

@article{martinez2016comparison,
  title={A Comparison between a Relational Database and a Graph Database in the context of a Personalized Cancer Treatment Application},
  author={Mart{\'\i}nez Porras, Alexandra and Mora Rodr{\'\i}guez, Rodrigo and Alvarado Gonz{\'a}lez, Daniel and L{\'o}pez Herrera, Gustavo and Quir{\'o}s Barrantes, Steve},
  year={2016}
}

@misc{microsoft, title={NorthWind and pubs Sample Databases for SQL Server 2000}, url={https://www.microsoft.com/en-us/download/details.aspx?id=23654}, journal={Microsoft}}

@misc{nwindDef, title={What is Northwind Traders database}, url={http://www.geeksengine.com/article/northwind.html}, journal={What is Northwind Traders database}}
